@TECHREPORT{Bossanyi09,
  author = {E. Bossanyi},
  title = {Controller for 5MW reference turbine},
  institution = {Garrad Hassan and Partners Limited},
  year = {2009},
  number = {11593/BR/04},
  address = {Bristol, England},
  month = {July},
  note = {UpWind report},
  owner = {mhha},
  timestamp = {2013.01.13}
}

@MANUAL{Larsen12,
  title = {How 2 HAWC2, the user's manual},
  author = {T. J. Larsen and A. M. Hansen},
  organization = {DTU Wind Energy},
  address = {Roskilde, Denmark},
  edition = {4.3},
  month = {April},
  year = {2012},
  note = {Ris{\o}-R-1597},
  owner = {mhha},
  timestamp = {2013.01.13}
}
